@article{athanasopoulos2009,
  title   = {Hierarchical Forecasts for {{Australian}} Domestic Tourism},
  author  = {Athanasopoulos, George and Ahmed, Roman A. and Hyndman, Rob J.},
  year    = {2009},
  journal = {International Journal of Forecasting},
  volume  = {25},
  number  = {1},
  pages   = {146--166},
  issn    = {01692070},
  doi     = {10.1016/j.ijforecast.2008.07.004}
}

@article{athanasopoulos2017,
  title   = {Forecasting with Temporal Hierarchies},
  author  = {Athanasopoulos, George and Hyndman, Rob J. and Kourentzes, Nikolaos and Petropoulos, Fotios},
  year    = {2017},
  journal = {European Journal of Operational Research},
  volume  = {262},
  number  = {1},
  pages   = {60--74},
  issn    = {03772217},
  doi     = {10.1016/j.ejor.2017.02.046}
}

@incollection{athanasopoulos2020,
  title     = {Hierarchical {{Forecasting}}},
  booktitle = {Macroeconomic {{Forecasting}} in the {{Era}} of {{Big Data}}},
  author    = {Athanasopoulos, George and Gamakumara, Puwasala and Panagiotelis, Anastasios and Hyndman, Rob J. and Affan, Mohamed},
  editor    = {Fuleky, Peter},
  year      = {2020},
  volume    = {52},
  pages     = {689--719},
  publisher = {Springer International Publishing},
  address   = {Cham},
  doi       = {10.1007/978-3-030-31150-6_21},
  isbn      = {978-3-030-31149-0 978-3-030-31150-6}
}

@inproceedings{bentaieb2017,
  title     = {Coherent {{Probabilistic Forecasts}} for {{Hierarchical Time Series}}},
  booktitle = {Proceedings of the 34th {{International Conference}} on {{Machine Learning}}},
  author    = {Ben Taieb, Souhaib and Taylor, James W. and Hyndman, Rob J.},
  year      = {2017},
  pages     = {3348--3357},
  publisher = {PMLR},
  issn      = {2640-3498}
}

@article{bentaieb2021,
  title   = {Hierarchical {{Probabilistic Forecasting}} of {{Electricity Demand With Smart Meter Data}}},
  author  = {Ben Taieb, Souhaib and Taylor, James W. and Hyndman, Rob J.},
  year    = {2021},
  journal = {Journal of the American Statistical Association},
  volume  = {116},
  number  = {533},
  pages   = {27--43},
  issn    = {0162-1459, 1537-274X},
  doi     = {10.1080/01621459.2020.1736081}
}

@incollection{bisaglia2020,
  title         = {Fully Reconciled {{GDP}} Forecasts from {{Income}} and {{Expenditure}} Sides},
  booktitle     = {Book of {{Short Papers SIS}} 2020},
  author        = {Bisaglia, Luisa and Fonzo, Tommaso Di and Girolimetto, Daniele},
  editor        = {Pollice, A. and Salvati, N. and Schirripa Spagnolo, F.},
  year          = {2020},
  eprint        = {2004.03864},
  eprinttype    = {arxiv},
  pages         = {951--956},
  publisher     = {Pearson},
  archiveprefix = {arXiv},
  isbn          = {978-88-919-1077-6}
}

@article{byron1978,
  title   = {The {{Estimation}} of {{Large Social Account Matrices}}},
  author  = {Byron, R. P.},
  year    = {1978},
  journal = {Journal of the Royal Statistical Society. Series A (General)},
  volume  = {141},
  number  = {3},
  pages   = {359--367},
  issn    = {00359238},
  doi     = {10.2307/2344807}
}

@article{byron1979,
  title   = {Corrigenda: {{The Estimation}} of {{Large Social Account Matrices}}},
  author  = {Byron, R. P.},
  year    = {1979},
  journal = {Journal of the Royal Statistical Society. Series A (General)},
  volume  = {142},
  number  = {3},
  pages   = {405},
  issn    = {0035-9238},
  doi     = {10.2307/2982515}
}

@article{corani2021,
  title         = {Probabilistic {{Reconciliation}} of {{Hierarchical Forecast}} via {{Bayes}}' {{Rule}}},
  author        = {Corani, Giorgio and Azzimonti, Dario and Augusto, Jo{\~a}o P. S. C. and Zaffalon, Marco},
  year          = {2021},
  journal       = {Machine Learning and Knowledge Discovery in Databases},
  volume        = {12459},
  eprint        = {1906.03105},
  eprinttype    = {arxiv},
  pages         = {211--226},
  doi           = {10.1007/978-3-030-67664-3_13},
  archiveprefix = {arXiv}
}

@article{corani2022,
  title         = {Probabilistic {{Reconciliation}} of {{Count Time Series}}},
  author        = {Corani, Giorgio and Rubattu, Nicolo and Azzimonti, Dario and Antonucci, Alessandro},
  year          = {2022},
  journal       = {arXiv:2207.09322},
  eprint        = {2207.09322},
  eprinttype    = {arxiv},
  doi           = {10.48550/arXiv.2207.09322},
  archiveprefix = {arXiv},
  keywords      = {Statistics - Machine Learning,Statistics - Methodology}
}

@book{cyganek2013,
  title       = {Object {{Detection}} and {{Recognition}} in {{Digital Images}}: {{Theory}} and {{Practice}}},
  author      = {Cyganek, Boguslaw},
  year        = {2013},
  publisher   = {John Wiley \& Sons},
  googlebooks = {upsxI3bOZvAC},
  isbn        = {978-1-118-61836-3},
  keywords    = {Science / Physics / Crystallography,Technology \& Engineering / Electrical,Technology \& Engineering / Electronics / General}
}

@article{dangerfield1992,
  title   = {Top-down or Bottom-up: {{Aggregate}} versus Disaggregate Extrapolations},
  author  = {Dangerfield, Byron J. and Morris, John S.},
  year    = {1992},
  journal = {International Journal of Forecasting},
  volume  = {8},
  number  = {2},
  pages   = {233--241},
  issn    = {01692070},
  doi     = {10.1016/0169-2070(92)90121-O}
}

@article{difonzo2022a,
  title         = {Forecast Combination-Based Forecast Reconciliation: {{Insights}} and Extensions},
  author        = {Di Fonzo, Tommaso and Girolimetto, Daniele},
  year          = {2022},
  journal       = {International Journal of Forecasting},
  eprint        = {2106.05653},
  eprinttype    = {arxiv},
  note         = {in press},
  issn          = {01692070},
  doi           = {10.1016/j.ijforecast.2022.07.001},
  archiveprefix = {arXiv}
}

@article{difonzo2022b,
  title         = {Enhancements in Cross-Temporal Forecast Reconciliation, with an Application to Solar Irradiance Forecasts},
  author        = {Di Fonzo, Tommaso and Girolimetto, Daniele},
  year          = {2022},
  journal       = {arXiv:2209.07146},
  eprint        = {2209.07146},
  eprinttype    = {arxiv},
  doi           = {10.48550/arXiv.2209.07146},
  archiveprefix = {arXiv},
  keywords      = {Statistics - Applications}
}

@incollection{difonzo2022c,
  title     = {Fully Reconciled Probabilistic {{GDP}} Forecasts from {{Income}} and {{Expenditure}} Sides},
  booktitle = {Book of {{Short Papers SIS}} 2022},
  author    = {Di Fonzo, Tommaso and Girolimetto, Daniele},
  editor    = {Balzanella, Antonio and Bini, Matilde and Cavicchia, Carlo and Verde, Rosanna},
  year      = {2022},
  pages     = {1376--1381},
  publisher = {Pearson},
  isbn      = {978-88-919-3231-0}
}

@article{difonzo2023,
  title         = {Cross-Temporal Forecast Reconciliation: {{Optimal}} Combination Method and Heuristic Alternatives},
  author        = {Di Fonzo, Tommaso and Girolimetto, Daniele},
  year          = {2023},
  journal       = {International Journal of Forecasting},
  volume        = {39},
  number        = {1},
  eprint        = {2006.08570},
  eprinttype    = {arxiv},
  pages         = {39--57},
  issn          = {01692070},
  doi           = {10.1016/j.ijforecast.2021.08.004},
  archiveprefix = {arXiv}
}

@article{difonzo2023a,
  title    = {Spatio-Temporal Reconciliation of Solar Forecasts},
  author   = {Di Fonzo, Tommaso and Girolimetto, Daniele},
  year     = {2023},
  journal  = {Solar Energy},
  volume   = {251},
  pages    = {13--29},
  issn     = {0038-092X},
  doi      = {10.1016/j.solener.2023.01.003},
  keywords = {Forecasting,Non-negative forecasts,Photovoltaic power generation,Sequential and iterative approaches,Spatio-temporal forecast reconciliation}
}

@article{dunn1976,
  title   = {Aggregate versus {{Subaggregate Models}} in {{Local Area Forecasting}}},
  author  = {Dunn, D. M. and Williams, W. H. and Dechaine, T. L.},
  year    = {1976},
  journal = {Journal of the American Statistical Association},
  volume  = {71},
  number  = {353},
  pages   = {68--71},
  issn    = {0162-1459, 1537-274X},
  doi     = {10.1080/01621459.1976.10481478}
}

@article{eckert2021,
  title   = {Forecasting {{Swiss}} Exports Using {{Bayesian}} Forecast Reconciliation},
  author  = {Eckert, Florian and Hyndman, Rob J. and Panagiotelis, Anastasios},
  year    = {2021},
  journal = {European Journal of Operational Research},
  volume  = {291},
  number  = {2},
  pages   = {693--710},
  issn    = {03772217},
  doi     = {10.1016/j.ejor.2020.09.046}
}

@article{efron1975,
  title      = {Data {{Analysis Using Stein}}'s {{Estimator}} and Its {{Generalizations}}},
  author     = {Efron, Bradley and Morris, Carl},
  year       = {1975},
  journal    = {Journal of the American Statistical Association},
  volume     = {70},
  number     = {350},
  pages      = {311--319},
  publisher  = {Taylor \& Francis},
  issn       = {0162-1459},
  doi        = {10.1080/01621459.1975.10479864},
  annotation = {\_eprint: https://www.tandfonline.com/doi/pdf/10.1080/01621459.1975.10479864}
}

@article{efron1975a,
  title   = {Biased versus Unbiased Estimation},
  author  = {Efron, Bradley},
  year    = {1975},
  journal = {Advances in Mathematics},
  volume  = {16},
  number  = {3},
  pages   = {259--277},
  issn    = {00018708},
  doi     = {10.1016/0001-8708(75)90114-0}
}

@article{efron1977,
  title   = {Stein's {{Paradox}} in {{Statistics}}},
  author  = {Efron, Bradley and Morris, Carl},
  year    = {1977},
  journal = {Scientific American},
  volume  = {236},
  number  = {5},
  pages   = {119--127}
}

@article{fleming1986,
  title   = {How Not to Lie with Statistics: The Correct Way to Summarize Benchmark Results},
  author  = {Fleming, Philip J. and Wallace, John J.},
  year    = {1986},
  journal = {Communications of the ACM},
  volume  = {29},
  number  = {3},
  pages   = {218--221},
  issn    = {0001-0782, 1557-7317},
  doi     = {10.1145/5666.5673}
}

@article{fliedner2001,
  title   = {Hierarchical Forecasting: Issues and Use Guidelines},
  author  = {Fliedner, Gene},
  year    = {2001},
  journal = {Industrial Management \& Data Systems},
  volume  = {101},
  number  = {1},
  pages   = {5--12},
  issn    = {0263-5577},
  doi     = {10.1108/02635570110365952}
}

@article{giro2022,
  title   = {Point and Probabilistic Forecast Reconciliation for General Linearly Constrained Multiple Time Series},
  author  = {Di Fonzo, Tommaso and Girolimetto, Daniele},
  year    = {2022},
  journal = {Working paper}
}

@manual{girolimetto2022,
  title  = {{{FoReco}}: {{Point}} Forecast Reconciliation},
  author = {Girolimetto, Daniele and Di Fonzo, Tommaso},
  year   = {2022},
  note   = {R package v0.2.5},
  url    = {https://danigiro.github.io/FoReco/}
}

@article{gneiting2014,
  title   = {Probabilistic {{Forecasting}}},
  author  = {Gneiting, Tilmann and Katzfuss, Matthias},
  year    = {2014},
  journal = {Annual Review of Statistics and Its Application},
  volume  = {1},
  number  = {1},
  pages   = {125--151},
  issn    = {2326-8298, 2326-831X},
  doi     = {10.1146/annurev-statistics-062713-085831}
}

@article{gross1990,
  title   = {Disaggregation Methods to Expedite Product Line Forecasting},
  author  = {Gross, Charles W. and Sohl, Jeffrey E.},
  year    = {1990},
  journal = {Journal of Forecasting},
  volume  = {9},
  number  = {3},
  pages   = {233--254},
  issn    = {02776693, 1099131X},
  doi     = {10.1002/for.3980090304}
}

@article{hiai2009,
  title    = {Monotonicity for Entrywise Functions of Matrices},
  author   = {Hiai, Fumio},
  year     = {2009},
  journal  = {Linear Algebra and its Applications},
  volume   = {431},
  number   = {8},
  pages    = {1125--1146},
  issn     = {0024-3795},
  doi      = {10.1016/j.laa.2009.04.001},
  keywords = {Convexity,Divided difference,Entrywise matrix function,Monotonicity,Positive semidefinite matrix,Schur product,Weak majorization}
}

@book{horn1994,
  title       = {Topics in {{Matrix Analysis}}},
  author      = {Horn, Roger A. and Horn, Roger A. and Johnson, Charles R.},
  year        = {1994},
  publisher   = {Cambridge University Press},
  googlebooks = {LeuNXB2bl5EC},
  isbn        = {978-0-521-46713-1},
  keywords    = {Mathematics / Algebra / General,Mathematics / Mathematical Analysis,Mathematics / Matrices}
}

@article{hyndman2008a,
  title     = {Automatic {{Time Series Forecasting}}: {{The}} Forecast {{Package}} for {{R}}},
  author    = {Hyndman, Rob J. and Khandakar, Yeasmin},
  year      = {2008},
  journal   = {Journal of Statistical Software},
  volume    = {27},
  pages     = {1--22},
  issn      = {1548-7660},
  doi       = {10.18637/jss.v027.i03},
  copyright = {Copyright (c) 2007 Rob J. Hyndman, Yeasmin Khandakar}
}

@article{hyndman2011,
  title   = {Optimal Combination Forecasts for Hierarchical Time Series},
  author  = {Hyndman, Rob J. and Ahmed, Roman A. and Athanasopoulos, George and Shang, Han Lin},
  year    = {2011},
  journal = {Computational Statistics \& Data Analysis},
  volume  = {55},
  number  = {9},
  pages   = {2579--2589},
  issn    = {01679473},
  doi     = {10.1016/j.csda.2011.03.006}
}

@article{hyndman2016,
  title   = {Fast Computation of Reconciled Forecasts for Hierarchical and Grouped Time Series},
  author  = {Hyndman, Rob J. and Lee, Alan J. and Wang, Earo},
  year    = {2016},
  journal = {Computational Statistics \& Data Analysis},
  volume  = {97},
  pages   = {16--32},
  issn    = {01679473},
  doi     = {10.1016/j.csda.2015.11.007}
}

@book{hyndman2021,
  title     = {Forecasting: Principles and Practice},
  edition   = {3rd},
  author    = {Hyndman, Rob J. and Athanasopoulos, George},
  year      = {2021},
  publisher = {OTexts},
  address   = {Melbourne, Australia},
  url       = {OTexts.org/fpp3}
}

@article{jeon2019,
  title   = {Probabilistic Forecast Reconciliation with Applications to Wind Power and Electric Load},
  author  = {Jeon, Jooyoung and Panagiotelis, Anastasios and Petropoulos, Fotios},
  year    = {2019},
  journal = {European Journal of Operational Research},
  volume  = {279},
  number  = {2},
  pages   = {364--379},
  issn    = {03772217},
  doi     = {10.1016/j.ejor.2019.05.020}
}

@article{jordan2019,
  title   = {Evaluating {{Probabilistic Forecasts}} with {{scoringRules}}},
  author  = {Jordan, Alexander and Kr{\"u}ger, Fabian and Lerch, Sebastian},
  year    = {2019},
  journal = {Journal of Statistical Software},
  volume  = {90},
  number  = {12},
  issn    = {1548-7660},
  doi     = {10.18637/jss.v090.i12}
}

@article{koning2005,
  title   = {The {{M3}} Competition: {{Statistical}} Tests of the Results},
  author  = {Koning, Alex J. and Franses, Philip Hans and Hibon, Mich{\`e}le and Stekler, H.O.},
  year    = {2005},
  journal = {International Journal of Forecasting},
  volume  = {21},
  number  = {3},
  pages   = {397--409},
  issn    = {01692070},
  doi     = {10.1016/j.ijforecast.2004.10.003}
}

@article{kourentzes2019,
  title   = {Cross-Temporal Coherent Forecasts for {{Australian}} Tourism},
  author  = {Kourentzes, Nikolaos and Athanasopoulos, George},
  year    = {2019},
  journal = {Annals of Tourism Research},
  volume  = {75},
  pages   = {393--409},
  issn    = {01607383},
  doi     = {10.1016/j.annals.2019.02.001}
}

@article{ledoit2004a,
  title   = {A Well-Conditioned Estimator for Large-Dimensional Covariance Matrices},
  author  = {Ledoit, Olivier and Wolf, Michael},
  year    = {2004},
  journal = {Journal of Multivariate Analysis},
  volume  = {88},
  number  = {2},
  pages   = {365--411},
  issn    = {0047259X},
  doi     = {10.1016/S0047-259X(03)00096-4}
}

@book{magnus2019,
  title     = {Matrix Differential Calculus with Applications in Statistics and Econometrics},
  author    = {Magnus, Jan R. and Neudecker, Heinz},
  year      = {2019},
  edition   = {3rd},
  publisher = {Wiley},
  address   = {{Hoboken, NJ}},
  isbn      = {978-1-119-54119-6 978-1-119-54116-5},
  lccn      = {QA188},
  keywords  = {Differential calculus,Econometrics,Matrices,Statistics}
}

@article{makridakis2022,
  title   = {M5 Accuracy Competition: {{Results}}, Findings, and Conclusions},
  author  = {Makridakis, Spyros and Spiliotis, Evangelos and Assimakopoulos, Vassilios},
  year    = {2022},
  journal = {International Journal of Forecasting},
  volume  = {38},
  number  = {4},
  pages   = {1346--1364},
  issn    = {01692070},
  doi     = {10.1016/j.ijforecast.2021.11.013}
}

@article{nystrup2020,
  title   = {Temporal Hierarchies with Autocorrelation for Load Forecasting},
  author  = {Nystrup, Peter and Lindstr{\"o}m, Erik and Pinson, Pierre and Madsen, Henrik},
  year    = {2020},
  journal = {European Journal of Operational Research},
  volume  = {280},
  number  = {3},
  pages   = {876--888},
  issn    = {03772217},
  doi     = {10.1016/j.ejor.2019.07.061}
}

@manual{ohara-wild2022,
  title  = {{tsibbledata}: Diverse Datasets for 'tsibble'},
  author = {{O'Hara-Wild}, Mitchell and Hyndman, Rob J. and Wang, Earo and Godahewa, Rakshitha},
  year   = {2022},
  url    = {tsibbledata.tidyverts.org},
  note   = {R package v0.4.1}
}

@article{panagiotelis2021,
  title   = {Forecast Reconciliation: {{A}} Geometric View with New Insights on Bias Correction},
  author  = {Panagiotelis, Anastasios and Athanasopoulos, George and Gamakumara, Puwasala and Hyndman, Rob J.},
  year    = {2021},
  journal = {International Journal of Forecasting},
  volume  = {37},
  number  = {1},
  pages   = {343--359},
  issn    = {01692070},
  doi     = {10.1016/j.ijforecast.2020.06.004}
}

@article{panagiotelis2023,
  title   = {Probabilistic Forecast Reconciliation: {{Properties}}, Evaluation and Score Optimisation},
  author  = {Panagiotelis, Anastasios and Gamakumara, Puwasala and Athanasopoulos, George and Hyndman, Rob J.},
  year    = {2023},
  journal = {European Journal of Operational Research},
  volume  = {306},
  number  = {2},
  pages   = {693--706},
  issn    = {03772217},
  doi     = {10.1016/j.ejor.2022.07.040}
}

@inproceedings{panamtash2018,
  title     = {Coherent {{Probabilistic Solar Power Forecasting}}},
  booktitle = {2018 {{IEEE International Conference}} on {{Probabilistic Methods Applied}} to {{Power Systems}} ({{PMAPS}})},
  author    = {Panamtash, Hossein and Zhou, Qun},
  year      = {2018},
  pages     = {1--6},
  address   = {{Boise, ID, USA}}
}

@article{pennings2017,
  title   = {Integrated Hierarchical Forecasting},
  author  = {Pennings, Clint L.P. and {van Dalen}, Jan},
  year    = {2017},
  journal = {European Journal of Operational Research},
  volume  = {263},
  number  = {2},
  pages   = {412--418},
  issn    = {03772217},
  doi     = {10.1016/j.ejor.2017.04.047}
}

@article{punia2020,
  title   = {A Cross-Temporal Hierarchical Framework and Deep Learning for Supply Chain Forecasting},
  author  = {Punia, Sushil and Singh, Surya P. and Madaan, Jitendra K.},
  year    = {2020},
  journal = {Computers \& Industrial Engineering},
  volume  = {149},
  pages   = {106796},
  issn    = {03608352},
  doi     = {10.1016/j.cie.2020.106796}
}

@manual{rcoreteam2022,
  title        = {R: A Language and Environment for Statistical Computing},
  author       = {{R Core Team}},
  year         = {2022},
  address      = {Vienna, Austria},
  organization = {R Foundation for Statistical Computing},
  url          = {www.R-project.org}
}

@manual{Rforecast,
  title  = {{forecast}: {Forecasting Functions for Time Series and Linear Models}},
  year   = {2023},
  author = {Rob J Hyndman and George Athanasopoulos and Christoph Bergmeir and Gabriel Caceres and Leanne Chhay and Kirill Kuroptev and Mitchell O'Hara-Wild and Fotios Petropoulos and Slava Razbash and Earo Wang and Farah Yasmeen and Federico Garza and Daniele Girolimetto and Ross Ihaka and {R Core Team} and Daniel Reid and David Shaub and Yuan Tang and Xiaoqian Wang and Zhenyu Zhou},
  url    = {https://pkg.robjhyndman.com/forecast/},
  note   = {R package v8.20}
}

@article{sanguri2022,
  title    = {Hierarchical Container Throughput Forecasting: {{The}} Value of Coherent Forecasts in the Management of Ports Operations},
  author   = {Sanguri, Kamal and Shankar, Sonali and Punia, Sushil and Patra, Sabyasachi},
  year     = {2022},
  journal  = {Computers \& Industrial Engineering},
  volume   = {173},
  pages    = {108651},
  issn     = {0360-8352},
  doi      = {10.1016/j.cie.2022.108651},
  keywords = {Container supply chain,Cross-temporal forecasting,Forecasting,Hierarchical forecasting,Temporal reconciliation}
}

@article{schafer2005,
  title   = {A {{Shrinkage Approach}} to {{Large-Scale Covariance Matrix Estimation}} and {{Implications}} for {{Functional Genomics}}},
  author  = {Sch{\"a}fer, Juliane and Strimmer, Korbinian},
  year    = {2005},
  journal = {Statistical Applications in Genetics and Molecular Biology},
  volume  = {4},
  number  = {1},
  issn    = {1544-6115, 2194-6302},
  doi     = {10.2202/1544-6115.1175}
}

@article{spiliotis2020,
  title   = {Cross-Temporal Aggregation: {{Improving}} the Forecast Accuracy of Hierarchical Electricity Consumption},
  author  = {Spiliotis, Evangelos and Petropoulos, Fotios and Kourentzes, Nikolaos and Assimakopoulos, Vassilios},
  year    = {2020},
  journal = {Applied Energy},
  volume  = {261},
  pages   = {114339},
  issn    = {03062619},
  doi     = {10.1016/j.apenergy.2019.114339}
}

@manual{stellato2019,
  title  = {{osqp}: Quadratic Programming Solver using the `{{OSQP}}' Library},
  author = {Bartolomeo Stellato and Goran Banjac and Paul Goulart and Stephen Boyd and Vineet Bansal},
  year   = {2022},
  note   = {R package v0.6.0.7},
  url    = {osqp.org}
}

@article{stellato2020,
  title   = {{{OSQP}}: An Operator Splitting Solver for Quadratic Programs},
  author  = {Stellato, Bartolomeo and Banjac, Goran and Goulart, Paul and Bemporad, Alberto and Boyd, Stephen},
  year    = {2020},
  journal = {Mathematical Programming Computation},
  volume  = {12},
  number  = {4},
  pages   = {637--672},
  issn    = {1867-2949, 1867-2957},
  doi     = {10.1007/s12532-020-00179-2}
}

@book{tsay2014,
  title     = {Multivariate Time Series Analysis: With {{R}} and Financial Applications},
  author    = {Tsay, Ruey S.},
  year      = {2014},
  publisher = {Wiley},
  address   = {Hoboken, NJ},
  isbn      = {978-1-118-61790-8},
  lccn      = {QA280 .T73 2014},
  keywords  = {Econometric models,MATHEMATICS / Probability \& Statistics / General,R (Computer program language),Time-series analysis}
}

@incollection{vanerven2015,
  title     = {Game-{{Theoretically Optimal Reconciliation}} of {{Contemporaneous Hierarchical Time Series Forecasts}}},
  booktitle = {Modeling and {{Stochastic Learning}} for {{Forecasting}} in {{High Dimensions}}},
  author    = {{van Erven}, Tim and Cugliari, Jairo},
  editor    = {Antoniadis, Anestis and Poggi, Jean-Michel and Brossat, Xavier},
  year      = {2015},
  volume    = {217},
  pages     = {297--317},
  publisher = {Springer},
  address   = {Cham},
  doi       = {10.1007/978-3-319-18732-7_15},
  isbn      = {978-3-319-18731-0 978-3-319-18732-7}
}

@article{wickramasuriya2019,
  title   = {Optimal {{Forecast Reconciliation}} for {{Hierarchical}} and {{Grouped Time Series Through Trace Minimization}}},
  author  = {Wickramasuriya, Shanika L. and Athanasopoulos, George and Hyndman, Rob J.},
  year    = {2019},
  journal = {Journal of the American Statistical Association},
  volume  = {114},
  number  = {526},
  pages   = {804--819},
  issn    = {0162-1459, 1537-274X},
  doi     = {10.1080/01621459.2018.1448825}
}

@article{wickramasuriya2020,
  title   = {Optimal Non-Negative Forecast Reconciliation},
  author  = {Wickramasuriya, Shanika L. and Turlach, Berwin A. and Hyndman, Rob J.},
  year    = {2020},
  journal = {Statistics and Computing},
  volume  = {30},
  number  = {5},
  pages   = {1167--1182},
  issn    = {0960-3174, 1573-1375},
  doi     = {10.1007/s11222-020-09930-0}
}

@article{wickramasuriya2021b,
  title         = {Probabilistic Forecast Reconciliation under the {{Gaussian}} Framework},
  author        = {Wickramasuriya, Shanika L.},
  year          = {2021},
  journal       = {arXiv:2103.11128},
  eprint        = {2103.11128},
  eprinttype    = {arxiv},
  archiveprefix = {arXiv}
}

@article{yagli2019,
  title   = {Reconciling Solar Forecasts: {{Sequential}} Reconciliation},
  author  = {Yagli, Gokhan Mert and Yang, Dazhi and Srinivasan, Dipti},
  year    = {2019},
  journal = {Solar Energy},
  volume  = {179},
  pages   = {391--397},
  issn    = {0038092X},
  doi     = {10.1016/j.solener.2018.12.075}
}

@article{zambon2022,
  title         = {Efficient Probabilistic Reconciliation of Forecasts for Real-Valued and Count Time Series},
  author        = {Zambon, Lorenzo and Azzimonti, Dario and Corani, Giorgio},
  year          = {2022},
  journal       = {arXiv:2210.02286},
  eprint        = {2210.02286},
  eprinttype    = {arxiv},
  doi           = {10.48550/arXiv.2210.02286},
  archiveprefix = {arXiv},
  keywords      = {62D99,Computer Science - Machine Learning,G.3,Statistics - Machine Learning}
}
